%1
@article{historyfpgas,
	title={Deep learning on fpgas: Past, present, and future},
	author={Lacey, Griffin and Taylor, Graham W and Areibi, Shawki},
	journal={arXiv preprint arXiv:1602.04283},
	year={2016}
}

%2
@article{capra2020updated,
	title={An updated survey of efficient hardware architectures for accelerating deep convolutional neural networks},
	author={Capra, Maurizio and Bussolino, Beatrice and Marchisio, Alberto and Shafique, Muhammad and Masera, Guido and Martina, Maurizio},
	journal={Future Internet},
	volume={12},
	number={7},
	pages={113},
	year={2020},
	publisher={Multidisciplinary Digital Publishing Institute}
}

%5
@inproceedings{nurvitadhi2016accelerating,
	title={Accelerating recurrent neural networks in analytics servers: Comparison of FPGA, CPU, GPU, and ASIC},
	author={Nurvitadhi, Eriko and Sim, Jaewoong and Sheffield, David and Mishra, Asit and Krishnan, Srivatsan and Marr, Debbie},
	booktitle={2016 26th International Conference on Field Programmable Logic and Applications (FPL)},
	pages={1--4},
	year={2016},
	organization={IEEE}
}

%8
@article{jangamreddy2019survey,
	title={A Survey on Specialised Hardware for Machine Learning},
	author={Jangamreddy, Nikhil},
	year={2019}
}

@inproceedings{speech_recognition1,
	title={New types of deep neural network learning for speech recognition and related applications: An overview},
	author={Deng, Li and Hinton, Geoffrey and Kingsbury, Brian},
	booktitle={2013 IEEE international conference on acoustics, speech and signal processing},
	pages={8599--8603},
	year={2013},
	organization={IEEE}
}

@misc{nn_basics,
	author = {Eda Kavlakoglu},
	title = {\href{https://www.ibm.com/cloud/blog/ai-vs-machine-learning-vs-deep-learning-vs-neural-networks}{AI vs. Machine Learning vs. Deep Learning vs. Neural Networks: What’s the Difference?}},
	journal = {IBM Blog},
	year = {2020},
	note = "(accessed 3 February 2021)"
}

@inproceedings{densely_network,
	title={Densely connected convolutional networks},
	author={Huang, Gao and Liu, Zhuang and Van Der Maaten, Laurens and Weinberger, Kilian Q},
	booktitle={Proceedings of the IEEE conference on computer vision and pattern recognition},
	pages={4700--4708},
	year={2017}
}

@misc{intelnn,
	author = {Sunny L Gogar},
	title = {\href{https://software.intel.com/content/www/us/en/develop/articles/bigdl-scale-out-deep-learning-on-apache-spark-cluster.html}{BigDL – Scale-out Deep Learning on Apache Spark* Cluster }},
	journal = {Intel Blog},
	year = {2017},
	note = "(accessed 3 February 2021)"
}

