%1 FPGAs
@article{historyfpgas,
	title={Deep learning on fpgas: Past, present, and future},
	author={Lacey, Griffin and Taylor, Graham W and Areibi, Shawki},
	journal={arXiv preprint arXiv:1602.04283},
	year={2016}
}

%2 future internet
@article{capra2020updated,
	title={An updated survey of efficient hardware architectures for accelerating deep convolutional neural networks},
	author={Capra, Maurizio and Bussolino, Beatrice and Marchisio, Alberto and Shafique, Muhammad and Masera, Guido and Martina, Maurizio},
	journal={Future Internet},
	volume={12},
	number={7},
	pages={113},
	year={2020},
	publisher={Multidisciplinary Digital Publishing Institute}
}

%3 TPU
@inproceedings{jouppi2017datacenter,
	title={In-datacenter performance analysis of a tensor processing unit},
	author={Jouppi, Norman P and Young, Cliff and Patil, Nishant and Patterson, David and Agrawal, Gaurav and Bajwa, Raminder and Bates, Sarah and Bhatia, Suresh and Boden, Nan and Borchers, Al and others},
	booktitle={Proceedings of the 44th annual international symposium on computer architecture},
	pages={1--12},
	year={2017}
}

%4 Microsoft FPGAs
@article{ovtcharov2015accelerating,
	title={Accelerating deep convolutional neural networks using specialized hardware},
	author={Ovtcharov, Kalin and Ruwase, Olatunji and Kim, Joo-Young and Fowers, Jeremy and Strauss, Karin and Chung, Eric S},
	journal={Microsoft Research Whitepaper},
	volume={2},
	number={11},
	pages={1--4},
	year={2015}
}

%5 Survey on RNN Overall
@inproceedings{nurvitadhi2016accelerating,
	title={Accelerating recurrent neural networks in analytics servers: Comparison of FPGA, CPU, GPU, and ASIC},
	author={Nurvitadhi, Eriko and Sim, Jaewoong and Sheffield, David and Mishra, Asit and Krishnan, Srivatsan and Marr, Debbie},
	booktitle={2016 26th International Conference on Field Programmable Logic and Applications (FPL)},
	pages={1--4},
	year={2016},
	organization={IEEE}
}

%7 Survey technical
@article{talib2020systematic,
	title={A systematic literature review on hardware implementation of artificial intelligence algorithms},
	author={Talib, Manar Abu and Majzoub, Sohaib and Nasir, Qassim and Jamal, Dina},
	journal={The Journal of Supercomputing},
	pages={1--42},
	year={2020},
	publisher={Springer}
}